%YAML 1.1
%TAG !u! tag:unity3d.com,2011:
--- !u!1 &4729737899366618683
GameObject:
  m_ObjectHideFlags: 0
  m_CorrespondingSourceObject: {fileID: 0}
  m_PrefabInstance: {fileID: 0}
  m_PrefabAsset: {fileID: 0}
  serializedVersion: 6
  m_Component:
  - component: {fileID: 5397765518495272065}
  - component: {fileID: 9027303509993472804}
  - component: {fileID: 6531235405660731374}
  - component: {fileID: 8012451847719004036}
  - component: {fileID: 7050279531802485119}
  - component: {fileID: 4497684122769962564}
  m_Layer: 0
  m_Name: donutSprinkles
  m_TagString: Untagged
  m_Icon: {fileID: 0}
  m_NavMeshLayer: 0
  m_StaticEditorFlags: 0
  m_IsActive: 1
--- !u!4 &5397765518495272065
Transform:
  m_ObjectHideFlags: 0
  m_CorrespondingSourceObject: {fileID: 0}
  m_PrefabInstance: {fileID: 0}
  m_PrefabAsset: {fileID: 0}
  m_GameObject: {fileID: 4729737899366618683}
  m_LocalRotation: {x: 0, y: -0, z: -0, w: 1}
  m_LocalPosition: {x: 4.463271, y: 0.00000011920929, z: 12.289209}
  m_LocalScale: {x: 1, y: 1, z: 1}
  m_Children: []
  m_Father: {fileID: 0}
  m_RootOrder: 0
  m_LocalEulerAnglesHint: {x: 0, y: 0, z: 0}
--- !u!33 &9027303509993472804
MeshFilter:
  m_ObjectHideFlags: 0
  m_CorrespondingSourceObject: {fileID: 0}
  m_PrefabInstance: {fileID: 0}
  m_PrefabAsset: {fileID: 0}
  m_GameObject: {fileID: 4729737899366618683}
  m_Mesh: {fileID: -2676547712749244357, guid: 972b399abb4e33a4dbcbe30432f30b40, type: 3}
--- !u!23 &6531235405660731374
MeshRenderer:
  m_ObjectHideFlags: 0
  m_CorrespondingSourceObject: {fileID: 0}
  m_PrefabInstance: {fileID: 0}
  m_PrefabAsset: {fileID: 0}
  m_GameObject: {fileID: 4729737899366618683}
  m_Enabled: 1
  m_CastShadows: 1
  m_ReceiveShadows: 1
  m_DynamicOccludee: 1
  m_MotionVectors: 1
  m_LightProbeUsage: 1
  m_ReflectionProbeUsage: 1
  m_RayTracingMode: 2
  m_RayTraceProcedural: 0
  m_RenderingLayerMask: 1
  m_RendererPriority: 0
  m_Materials:
  - {fileID: 2100000, guid: a461656deff2d8c48886dded66216e86, type: 2}
  - {fileID: 2100000, guid: 64f5ebd86faa4b342b0c190044776620, type: 2}
  - {fileID: 2100000, guid: 08a139c637ff3834da42ff39c83a7af2, type: 2}
  - {fileID: 2100000, guid: d5a3e2356a3a0454d84d764800420fc0, type: 2}
  - {fileID: 2100000, guid: 7b91284450792eb459012a385e638cb1, type: 2}
  m_StaticBatchInfo:
    firstSubMesh: 0
    subMeshCount: 0
  m_StaticBatchRoot: {fileID: 0}
  m_ProbeAnchor: {fileID: 0}
  m_LightProbeVolumeOverride: {fileID: 0}
  m_ScaleInLightmap: 1
  m_ReceiveGI: 1
  m_PreserveUVs: 0
  m_IgnoreNormalsForChartDetection: 0
  m_ImportantGI: 0
  m_StitchLightmapSeams: 1
  m_SelectedEditorRenderState: 3
  m_MinimumChartSize: 4
  m_AutoUVMaxDistance: 0.5
  m_AutoUVMaxAngle: 89
  m_LightmapParameters: {fileID: 0}
  m_SortingLayerID: 0
  m_SortingLayer: 0
  m_SortingOrder: 0
  m_AdditionalVertexStreams: {fileID: 0}
--- !u!65 &8012451847719004036
BoxCollider:
  m_ObjectHideFlags: 0
  m_CorrespondingSourceObject: {fileID: 0}
  m_PrefabInstance: {fileID: 0}
  m_PrefabAsset: {fileID: 0}
  m_GameObject: {fileID: 4729737899366618683}
  m_Material: {fileID: 0}
  m_IsTrigger: 1
  m_Enabled: 1
  serializedVersion: 2
  m_Size: {x: 2, y: 0.47496122, z: 2}
  m_Center: {x: 0, y: 0.23748061, z: 0}
--- !u!114 &7050279531802485119
MonoBehaviour:
  m_ObjectHideFlags: 0
  m_CorrespondingSourceObject: {fileID: 0}
  m_PrefabInstance: {fileID: 0}
  m_PrefabAsset: {fileID: 0}
  m_GameObject: {fileID: 4729737899366618683}
  m_Enabled: 1
  m_EditorHideFlags: 0
  m_Script: {fileID: 11500000, guid: 79ec043722e90754ba6cf336c2c3c3e0, type: 3}
  m_Name: 
  m_EditorClassIdentifier: 
  <Calories>k__BackingField: 400
--- !u!114 &4497684122769962564
MonoBehaviour:
  m_ObjectHideFlags: 0
  m_CorrespondingSourceObject: {fileID: 0}
  m_PrefabInstance: {fileID: 0}
  m_PrefabAsset: {fileID: 0}
  m_GameObject: {fileID: 4729737899366618683}
  m_Enabled: 1
  m_EditorHideFlags: 0
  m_Script: {fileID: 11500000, guid: 5fea29bb7c508c244a1f805a5fd3fc4d, type: 3}
  m_Name: 
  m_EditorClassIdentifier: 
  outlineMode: 1
  outlineColor: {r: 0.8490566, g: 0.46057317, b: 0.46057317, a: 1}
  outlineWidth: 5
  precomputeOutline: 1
  bakeKeys:
  - {fileID: -2676547712749244357, guid: 972b399abb4e33a4dbcbe30432f30b40, type: 3}
  bakeValues:
  - data:
    - {x: -0.52848357, y: -0.79221636, z: -0.3051201}
    - {x: 0, y: -0.79221636, z: -0.6102402}
    - {x: -0.8299625, y: -0.2855692, z: -0.47917905}
    - {x: 0, y: -0.2855692, z: -0.95835805}
    - {x: 0.52848357, y: -0.79221636, z: 0.3051201}
    - {x: 0, y: -0.79221636, z: 0.6102402}
    - {x: 0.8299625, y: -0.28556916, z: 0.47917902}
    - {x: 0, y: -0.2855692, z: 0.95835805}
    - {x: 0.8299625, y: -0.28556916, z: 0.47917902}
    - {x: 0, y: -0.2855692, z: 0.95835805}
    - {x: 0.8299625, y: 0.28556916, z: 0.47917902}
    - {x: 0, y: 0.2855692, z: 0.9583581}
    - {x: -0.7058982, y: -0.5793188, z: 0.40755057}
    - {x: -0.37498236, y: -0.9013976, z: 0.21649618}
    - {x: 0, y: -0.5793188, z: 0.8151011}
    - {x: 0, y: -0.9013976, z: 0.43299237}
    - {x: 0, y: -0.9013976, z: 0.43299237}
    - {x: 0.37498236, y: -0.9013976, z: 0.21649618}
    - {x: 0, y: -0.5793188, z: 0.8151011}
    - {x: 0.7058982, y: -0.5793188, z: 0.40755057}
    - {x: 0, y: -0.79221636, z: -0.6102402}
    - {x: 0.52848357, y: -0.79221636, z: -0.3051201}
    - {x: 0, y: -0.2855692, z: -0.95835805}
    - {x: 0.8299625, y: -0.28556916, z: -0.47917902}
    - {x: 0, y: -0.79221636, z: 0.6102402}
    - {x: -0.52848357, y: -0.79221636, z: 0.3051201}
    - {x: 0, y: -0.2855692, z: 0.95835805}
    - {x: -0.8299625, y: -0.2855692, z: 0.47917905}
    - {x: -0.52848357, y: -0.79221636, z: 0.3051201}
    - {x: -0.52848357, y: -0.79221636, z: -0.3051201}
    - {x: -0.8299625, y: -0.2855692, z: 0.47917905}
    - {x: -0.8299625, y: -0.2855692, z: -0.47917905}
    - {x: -0.7058983, y: 0.57931876, z: 0.40755054}
    - {x: -0.86602545, y: 0, z: 0.49999997}
    - {x: -0.47995904, y: 0.28028083, z: 0.8313134}
    - {x: 0, y: 0, z: 1}
    - {x: 0, y: 0.57931876, z: 0.8151011}
    - {x: -0.8299625, y: -0.2855692, z: -0.47917905}
    - {x: 0, y: -0.2855692, z: -0.95835805}
    - {x: -0.8299625, y: 0.28556916, z: -0.47917902}
    - {x: 0, y: 0.2855692, z: -0.9583581}
    - {x: 0.8299625, y: -0.28556916, z: 0.47917902}
    - {x: 0.8299625, y: 0.28556916, z: 0.47917902}
    - {x: 0.8299625, y: -0.28556916, z: -0.47917902}
    - {x: 0.8299625, y: 0.28556916, z: -0.47917902}
    - {x: 0, y: -0.2855692, z: -0.95835805}
    - {x: 0.8299625, y: -0.28556916, z: -0.47917902}
    - {x: 0, y: 0.2855692, z: -0.9583581}
    - {x: 0.8299625, y: 0.28556916, z: -0.47917902}
    - {x: -0.8299625, y: 0.28556916, z: 0.47917902}
    - {x: -0.8299625, y: -0.2855692, z: 0.47917905}
    - {x: -0.8299625, y: 0.28556916, z: -0.47917902}
    - {x: -0.8299625, y: -0.2855692, z: -0.47917905}
    - {x: 0.37498236, y: -0.9013976, z: 0.21649618}
    - {x: 0.37498236, y: -0.9013976, z: -0.21649618}
    - {x: 0.7058982, y: -0.5793188, z: 0.40755057}
    - {x: 0.7058982, y: -0.5793188, z: -0.40755057}
    - {x: 0, y: -0.9013976, z: -0.43299237}
    - {x: 0, y: -0.5793188, z: -0.8151011}
    - {x: 0.37498236, y: -0.9013976, z: -0.21649618}
    - {x: 0.7058982, y: -0.5793188, z: -0.40755057}
    - {x: -0.7058982, y: -0.5793188, z: 0.40755057}
    - {x: -0.7058982, y: -0.5793188, z: -0.40755057}
    - {x: -0.37498236, y: -0.9013976, z: 0.21649618}
    - {x: -0.37498236, y: -0.9013976, z: -0.21649618}
    - {x: -0.7058982, y: -0.5793188, z: -0.40755057}
    - {x: 0, y: -0.5793188, z: -0.8151011}
    - {x: -0.37498236, y: -0.9013976, z: -0.21649618}
    - {x: 0, y: -0.9013976, z: -0.43299237}
    - {x: -0.7058982, y: -0.5793188, z: 0.40755057}
    - {x: 0, y: -0.5793188, z: 0.8151011}
    - {x: -0.86602545, y: 0, z: 0.49999997}
    - {x: 0, y: 0, z: 1}
    - {x: 0.7058982, y: -0.5793188, z: -0.40755057}
    - {x: 0, y: -0.5793188, z: -0.8151011}
    - {x: 0.86602545, y: -0.00000000896242, z: -0.49999997}
    - {x: 0, y: 0, z: -1}
    - {x: -0.86602545, y: -0.00000000896242, z: -0.49999997}
    - {x: -0.7058982, y: -0.5793188, z: -0.40755057}
    - {x: -0.86602545, y: 0, z: 0.49999997}
    - {x: -0.7058982, y: -0.5793188, z: 0.40755057}
    - {x: 0, y: -0.5793188, z: 0.8151011}
    - {x: 0.7058982, y: -0.5793188, z: 0.40755057}
    - {x: 0, y: 0, z: 1}
    - {x: 0.86602545, y: -0.00000000896242, z: 0.49999997}
    - {x: 0.86602545, y: -0.00000000896242, z: -0.49999997}
    - {x: 0.86602545, y: -0.00000000896242, z: 0.49999997}
    - {x: 0.7058982, y: -0.5793188, z: -0.40755057}
    - {x: 0.7058982, y: -0.5793188, z: 0.40755057}
    - {x: 0, y: -0.5793188, z: -0.8151011}
    - {x: -0.7058982, y: -0.5793188, z: -0.40755057}
    - {x: 0, y: 0, z: -1}
    - {x: -0.86602545, y: -0.00000000896242, z: -0.49999997}
    - {x: 0, y: 0.57931876, z: -0.8151011}
    - {x: 0, y: 0, z: -1}
    - {x: -0.47995904, y: 0.28028083, z: -0.8313134}
    - {x: -0.86602545, y: -0.00000000896242, z: -0.49999997}
    - {x: -0.7058983, y: 0.57931876, z: -0.40755054}
    - {x: 0, y: 0.57931876, z: 0.8151011}
    - {x: 0, y: 0, z: 1}
    - {x: 0.47995904, y: 0.28028083, z: 0.8313134}
    - {x: 0.86602545, y: -0.00000000896242, z: 0.49999997}
    - {x: 0.7058983, y: 0.57931876, z: 0.40755054}
    - {x: 0.52848357, y: -0.79221636, z: 0.3051201}
    - {x: 0.8299625, y: -0.28556916, z: 0.47917902}
    - {x: 0.52848357, y: -0.79221636, z: -0.3051201}
    - {x: 0.8299625, y: -0.28556916, z: -0.47917902}
    - {x: -0.7058983, y: 0.57931876, z: -0.40755054}
    - {x: -0.86602545, y: -0.00000000896242, z: -0.49999997}
    - {x: -0.9599181, y: 0.2802808, z: 0}
    - {x: -0.86602545, y: 0, z: 0.49999997}
    - {x: -0.7058983, y: 0.57931876, z: 0.40755054}
    - {x: 0, y: -0.2855692, z: 0.95835805}
    - {x: -0.8299625, y: -0.2855692, z: 0.47917905}
    - {x: 0, y: 0.2855692, z: 0.9583581}
    - {x: -0.8299625, y: 0.28556916, z: 0.47917902}
    - {x: 0.7058983, y: 0.57931876, z: -0.40755054}
    - {x: 0.9599181, y: 0.2802808, z: 0}
    - {x: 0.86602545, y: -0.00000000896242, z: -0.49999997}
    - {x: 0.86602545, y: -0.00000000896242, z: 0.49999997}
    - {x: 0.7058983, y: 0.57931876, z: 0.40755054}
    - {x: 0.7058983, y: 0.57931876, z: -0.40755054}
    - {x: 0.86602545, y: -0.00000000896242, z: -0.49999997}
    - {x: 0.47995904, y: 0.28028083, z: -0.8313134}
    - {x: 0, y: 0, z: -1}
    - {x: 0, y: 0.57931876, z: -0.8151011}
    - {x: -0.37498236, y: -0.9013976, z: -0.21649618}
    - {x: 0.52848357, y: -0.79221636, z: -0.3051201}
    - {x: -0.37498236, y: -0.9013976, z: 0.21649618}
    - {x: 0, y: -0.9013976, z: 0.43299237}
    - {x: 0.52848357, y: -0.79221636, z: 0.3051201}
    - {x: 0, y: -0.79221636, z: -0.6102402}
    - {x: 0, y: -0.9013976, z: -0.43299237}
    - {x: 0, y: -0.79221636, z: 0.6102402}
    - {x: 0.37498236, y: -0.9013976, z: -0.21649618}
    - {x: -0.52848357, y: -0.79221636, z: 0.3051201}
    - {x: 0.37498236, y: -0.9013976, z: 0.21649618}
    - {x: -0.52848357, y: -0.79221636, z: -0.3051201}
    - {x: -0.7058983, y: 0.57931876, z: 0.40755054}
    - {x: 0, y: 0.57931876, z: 0.8151011}
    - {x: -0.37498236, y: 0.9013976, z: 0.21649618}
    - {x: 0, y: 0.9013976, z: 0.43299237}
    - {x: 0.8299625, y: 0.28556916, z: 0.47917902}
    - {x: 0, y: 0.2855692, z: 0.9583581}
    - {x: 0.52848357, y: 0.79221636, z: 0.3051201}
    - {x: 0, y: 0.79221636, z: 0.6102402}
    - {x: -0.52848357, y: 0.79221636, z: 0.3051201}
    - {x: -0.8299625, y: 0.28556916, z: 0.47917902}
    - {x: -0.52848357, y: 0.79221636, z: -0.3051201}
    - {x: -0.8299625, y: 0.28556916, z: -0.47917902}
    - {x: 0.52848357, y: 0.79221636, z: 0.3051201}
    - {x: 0.52848357, y: 0.79221636, z: -0.3051201}
    - {x: 0.8299625, y: 0.28556916, z: 0.47917902}
    - {x: 0.8299625, y: 0.28556916, z: -0.47917902}
    - {x: 0, y: 0.2855692, z: 0.9583581}
    - {x: -0.8299625, y: 0.28556916, z: 0.47917902}
    - {x: 0, y: 0.79221636, z: 0.6102402}
    - {x: -0.52848357, y: 0.79221636, z: 0.3051201}
    - {x: -0.7058983, y: 0.57931876, z: -0.40755054}
    - {x: -0.37498236, y: 0.9013976, z: -0.21649618}
    - {x: 0, y: 0.57931876, z: -0.8151011}
    - {x: 0, y: 0.9013976, z: -0.43299237}
    - {x: 0.37498236, y: 0.9013976, z: -0.21649618}
    - {x: 0.37498236, y: 0.9013976, z: 0.21649618}
    - {x: 0.7058983, y: 0.57931876, z: -0.40755054}
    - {x: 0.7058983, y: 0.57931876, z: 0.40755054}
    - {x: 0, y: 0.9013976, z: -0.43299237}
    - {x: 0.37498236, y: 0.9013976, z: -0.21649618}
    - {x: 0, y: 0.57931876, z: -0.8151011}
    - {x: 0.7058983, y: 0.57931876, z: -0.40755054}
    - {x: -0.7058983, y: 0.57931876, z: -0.40755054}
    - {x: -0.7058983, y: 0.57931876, z: 0.40755054}
    - {x: -0.37498236, y: 0.9013976, z: -0.21649618}
    - {x: -0.37498236, y: 0.9013976, z: 0.21649618}
    - {x: 0, y: 0.9013976, z: 0.43299237}
    - {x: 0, y: 0.57931876, z: 0.8151011}
    - {x: 0.37498236, y: 0.9013976, z: 0.21649618}
    - {x: 0.7058983, y: 0.57931876, z: 0.40755054}
    - {x: 0, y: 0.2855692, z: -0.9583581}
    - {x: 0.8299625, y: 0.28556916, z: -0.47917902}
    - {x: 0, y: 0.79221636, z: -0.6102402}
    - {x: 0.52848357, y: 0.79221636, z: -0.3051201}
    - {x: -0.8299625, y: 0.28556916, z: -0.47917902}
    - {x: 0, y: 0.2855692, z: -0.9583581}
    - {x: -0.52848357, y: 0.79221636, z: -0.3051201}
    - {x: 0, y: 0.79221636, z: -0.6102402}
    - {x: -0.40633598, y: 0.8863834, z: -0.22184546}
    - {x: -0.21132489, y: 0.57735026, z: 0.7886751}
    - {x: -0.70710677, y: 0.57735026, z: 0.40824834}
    - {x: 0.46282005, y: 0.8863834, z: 0.011044164}
    - {x: 0.7886751, y: 0.57735026, z: 0.21132489}
    - {x: -0.4441914, y: 0.8863834, z: 0.1304545}
    - {x: -0.31945378, y: 0.8863834, z: -0.33507264}
    - {x: 0.40824834, y: 0.57735026, z: 0.70710677}
    - {x: 0.1304545, y: 0.8863834, z: 0.4441914}
    - {x: -0.37498236, y: 0.9013976, z: 0.21649618}
    - {x: 0, y: 0.9013976, z: 0.43299237}
    - {x: -0.37498236, y: 0.9013976, z: -0.21649618}
    - {x: 0.7886751, y: 0.57735026, z: 0.21132489}
    - {x: -0.305865, y: 0.57735026, z: -0.75704247}
    - {x: 0.33507264, y: 0.8863834, z: -0.31945378}
    - {x: 0, y: 0.9013976, z: -0.43299237}
    - {x: -0.75704247, y: 0.57735026, z: 0.305865}
    - {x: -0.075348824, y: 0.8863834, z: 0.45677885}
    - {x: 0.27623755, y: 0.8863834, z: -0.37150663}
    - {x: 0.52848357, y: 0.79221636, z: 0.3051201}
    - {x: 0.52848357, y: 0.79221636, z: -0.3051201}
    - {x: 0.21132489, y: 0.57735026, z: -0.7886751}
    - {x: 0, y: 0.79221636, z: 0.6102402}
    - {x: 0, y: 0.79221636, z: -0.6102402}
    - {x: -0.46282005, y: 0.8863834, z: 0.011044164}
    - {x: -0.40824834, y: 0.57735026, z: 0.70710677}
    - {x: 0.40633598, y: 0.8863834, z: -0.22184546}
    - {x: 0.70710677, y: 0.57735026, z: 0.40824834}
    - {x: -0.52848357, y: 0.79221636, z: -0.3051201}
    - {x: 0.37498236, y: 0.9013976, z: 0.21649618}
    - {x: -0.4441914, y: 0.8863834, z: -0.1304545}
    - {x: 0.33507264, y: 0.8863834, z: 0.31945378}
    - {x: -0.21132489, y: 0.57735026, z: -0.7886751}
    - {x: 0.7886751, y: 0.57735026, z: -0.21132489}
    - {x: -0.52848357, y: 0.79221636, z: 0.3051201}
    - {x: -0.10911878, y: 0.8863834, z: -0.44990826}
    - {x: -0.10911878, y: 0.8863834, z: 0.44990826}
    - {x: 0.57735026, y: 0.57735026, z: 0.57735026}
    - {x: 0.57735026, y: 0.57735026, z: -0.57735026}
    - {x: 0.2218455, y: 0.8863834, z: 0.40633598}
    - {x: -0.40824825, y: 0.57735026, z: 0.7071068}
    - {x: -0.7071068, y: 0.57735026, z: -0.40824825}
    - {x: -0.011044204, y: 0.8863834, z: -0.46282005}
    - {x: 0.37498236, y: 0.9013976, z: -0.21649618}
    - {x: -0.4441914, y: 0.8863834, z: -0.1304545}
    - {x: -0.21132489, y: 0.57735026, z: -0.7886751}
    - {x: 0.7886751, y: 0.57735026, z: -0.21132489}
    - {x: 0.7886751, y: 0.57735026, z: 0.21132489}
    - {x: -0.21132489, y: 0.57735026, z: 0.7886751}
    - {x: 0.33507264, y: 0.8863834, z: -0.31945378}
    - {x: 0.33507264, y: 0.8863834, z: 0.31945378}
    - {x: -0.4441914, y: 0.8863834, z: 0.1304545}
    - {x: 0.21132489, y: 0.57735026, z: -0.7886751}
    - {x: -0.31945378, y: 0.8863834, z: -0.33507264}
    - {x: 0.09835934, y: 0.6117482, z: -0.7849138}
    - {x: 0.1304545, y: 0.8863834, z: 0.4441914}
    - {x: 0.7886751, y: 0.57735026, z: 0.21132489}
    - {x: 0.72893494, y: 0.6117482, z: 0.3072752}
    - {x: -0.3072752, y: 0.6117482, z: 0.72893494}
    - {x: -0.4441914, y: 0.8863834, z: 0.1304545}
    - {x: -0.21132489, y: 0.57735026, z: 0.7886751}
    - {x: -0.3072752, y: 0.6117482, z: -0.72893494}
    - {x: -0.21132489, y: 0.57735026, z: -0.7886751}
    - {x: -0.4441914, y: 0.8863834, z: -0.1304545}
    - {x: 0.7886751, y: 0.57735026, z: 0.21132489}
    - {x: 0.33507264, y: 0.8863834, z: -0.31945378}
    - {x: 0.7849138, y: 0.6117482, z: 0.09835934}
    - {x: 0.7886751, y: 0.57735026, z: -0.21132489}
    - {x: 0.7849138, y: 0.6117482, z: -0.09835934}
    - {x: 0.33507264, y: 0.8863834, z: 0.31945378}
    - {x: 0.27623755, y: 0.8863834, z: -0.37150663}
    - {x: -0.305865, y: 0.57735026, z: -0.75704247}
    - {x: -0.19328308, y: 0.6117482, z: -0.76707613}
    - {x: -0.75704247, y: 0.57735026, z: 0.305865}
    - {x: -0.075348824, y: 0.8863834, z: 0.45677885}
    - {x: -0.68605417, y: 0.6117482, z: 0.39381957}
    - {x: -0.21132489, y: 0.57735026, z: 0.7886751}
    - {x: 0.7886751, y: 0.57735026, z: 0.21132489}
    - {x: -0.3072752, y: 0.6117482, z: 0.72893494}
    - {x: 0.7849138, y: 0.6117482, z: 0.09835934}
    - {x: 0.21132489, y: 0.57735026, z: -0.7886751}
    - {x: 0.09835934, y: 0.6117482, z: -0.7849138}
    - {x: 0.7886751, y: 0.57735026, z: 0.21132489}
    - {x: 0.72893494, y: 0.6117482, z: 0.3072752}
    - {x: -0.31945378, y: 0.8863834, z: -0.33507264}
    - {x: 0.1304545, y: 0.8863834, z: 0.4441914}
    - {x: 0.09835934, y: 0.6117482, z: -0.7849138}
    - {x: 0.72893494, y: 0.6117482, z: 0.3072752}
    - {x: 0.7886751, y: 0.57735026, z: -0.21132489}
    - {x: -0.21132489, y: 0.57735026, z: -0.7886751}
    - {x: 0.7849138, y: 0.6117482, z: -0.09835934}
    - {x: -0.3072752, y: 0.6117482, z: -0.72893494}
    - {x: -0.68605417, y: 0.6117482, z: 0.39381957}
    - {x: -0.075348824, y: 0.8863834, z: 0.45677885}
    - {x: -0.19328308, y: 0.6117482, z: -0.76707613}
    - {x: 0.27623755, y: 0.8863834, z: -0.37150663}
    - {x: -0.4441914, y: 0.8863834, z: -0.1304545}
    - {x: 0.33507264, y: 0.8863834, z: 0.31945378}
    - {x: -0.3072752, y: 0.6117482, z: -0.72893494}
    - {x: 0.7849138, y: 0.6117482, z: -0.09835934}
    - {x: -0.19328308, y: 0.6117482, z: -0.76707613}
    - {x: -0.305865, y: 0.57735026, z: -0.75704247}
    - {x: -0.68605417, y: 0.6117482, z: 0.39381957}
    - {x: -0.75704247, y: 0.57735026, z: 0.305865}
    - {x: -0.4441914, y: 0.8863834, z: 0.1304545}
    - {x: -0.3072752, y: 0.6117482, z: 0.72893494}
    - {x: 0.33507264, y: 0.8863834, z: -0.31945378}
    - {x: 0.7849138, y: 0.6117482, z: 0.09835934}
    - {x: -0.3072752, y: 0.6117482, z: 0.72893494}
    - {x: -0.4441914, y: 0.8863834, z: 0.1304545}
    - {x: -0.21132489, y: 0.57735026, z: 0.7886751}
    - {x: -0.3072752, y: 0.6117482, z: -0.72893494}
    - {x: -0.21132489, y: 0.57735026, z: -0.7886751}
    - {x: -0.4441914, y: 0.8863834, z: -0.1304545}
    - {x: 0.7886751, y: 0.57735026, z: -0.21132489}
    - {x: 0.7849138, y: 0.6117482, z: -0.098359354}
    - {x: 0.33507264, y: 0.8863834, z: 0.31945378}
    - {x: 0.7886751, y: 0.57735026, z: 0.21132489}
    - {x: 0.33507264, y: 0.8863834, z: -0.31945378}
    - {x: 0.7849138, y: 0.6117482, z: 0.09835934}
    - {x: 0.70710677, y: 0.57735026, z: 0.40824834}
    - {x: 0.40633598, y: 0.8863834, z: -0.22184546}
    - {x: 0.7327112, y: 0.6117482, z: 0.2981585}
    - {x: -0.48546734, y: 0.6117482, z: 0.62456834}
    - {x: -0.46282005, y: 0.8863834, z: 0.011044164}
    - {x: -0.40824834, y: 0.57735026, z: 0.70710677}
    - {x: -0.40824834, y: 0.57735026, z: 0.70710677}
    - {x: 0.70710677, y: 0.57735026, z: 0.40824834}
    - {x: -0.48546734, y: 0.6117482, z: 0.62456834}
    - {x: 0.7327112, y: 0.6117482, z: 0.2981585}
    - {x: -0.4441914, y: 0.8863834, z: -0.1304545}
    - {x: 0.33507264, y: 0.8863834, z: 0.31945378}
    - {x: -0.3072752, y: 0.6117482, z: -0.72893494}
    - {x: 0.7849138, y: 0.6117482, z: -0.098359354}
    - {x: -0.21132489, y: 0.57735026, z: 0.7886751}
    - {x: 0.7886751, y: 0.57735026, z: 0.21132489}
    - {x: -0.3072752, y: 0.6117482, z: 0.72893494}
    - {x: 0.7849138, y: 0.6117482, z: 0.09835934}
    - {x: -0.46282005, y: 0.8863834, z: 0.011044164}
    - {x: -0.48546734, y: 0.6117482, z: 0.62456834}
    - {x: 0.40633598, y: 0.8863834, z: -0.22184546}
    - {x: 0.7327112, y: 0.6117482, z: 0.2981585}
    - {x: 0.7886751, y: 0.57735026, z: -0.21132489}
    - {x: -0.21132489, y: 0.57735026, z: -0.7886751}
    - {x: 0.7849138, y: 0.6117482, z: -0.098359354}
    - {x: -0.3072752, y: 0.6117482, z: -0.72893494}
    - {x: -0.4441914, y: 0.8863834, z: 0.1304545}
    - {x: -0.3072752, y: 0.6117482, z: 0.72893494}
    - {x: 0.33507264, y: 0.8863834, z: -0.31945378}
    - {x: 0.7849138, y: 0.6117482, z: 0.09835934}
    - {x: 0.40824834, y: 0.57735026, z: 0.70710677}
    - {x: 0.46282005, y: 0.8863834, z: 0.011044164}
    - {x: 0.48546734, y: 0.6117482, z: 0.62456834}
    - {x: -0.011044204, y: 0.8863834, z: -0.46282005}
    - {x: -0.7071068, y: 0.57735026, z: -0.40824825}
    - {x: -0.6245684, y: 0.6117482, z: -0.48546726}
    - {x: -0.10911878, y: 0.8863834, z: 0.44990826}
    - {x: 0.57735026, y: 0.57735026, z: 0.57735026}
    - {x: 0.47763854, y: 0.6117482, z: 0.6305756}
    - {x: 0.57735026, y: 0.57735026, z: -0.57735026}
    - {x: -0.10911878, y: 0.8863834, z: -0.44990826}
    - {x: 0.47763854, y: 0.6117482, z: -0.6305756}
    - {x: -0.7327112, y: 0.6117482, z: 0.29815844}
    - {x: -0.40633598, y: 0.8863834, z: -0.22184546}
    - {x: -0.70710677, y: 0.57735026, z: 0.40824834}
    - {x: -0.40824825, y: 0.57735026, z: 0.7071068}
    - {x: 0.2218455, y: 0.8863834, z: 0.40633598}
    - {x: -0.29815838, y: 0.6117482, z: 0.7327112}
    - {x: -0.7327112, y: 0.6117482, z: 0.29815844}
    - {x: 0.48546734, y: 0.6117482, z: 0.62456834}
    - {x: -0.40633598, y: 0.8863834, z: -0.22184546}
    - {x: 0.46282005, y: 0.8863834, z: 0.011044164}
    - {x: -0.6245684, y: 0.6117482, z: -0.48546726}
    - {x: -0.29815838, y: 0.6117482, z: 0.7327112}
    - {x: -0.011044204, y: 0.8863834, z: -0.46282005}
    - {x: 0.2218455, y: 0.8863834, z: 0.40633598}
    - {x: -0.70710677, y: 0.57735026, z: 0.40824834}
    - {x: 0.40824834, y: 0.57735026, z: 0.70710677}
    - {x: -0.7327112, y: 0.6117482, z: 0.29815844}
    - {x: 0.48546734, y: 0.6117482, z: 0.62456834}
    - {x: 0.57735026, y: 0.57735026, z: -0.57735026}
    - {x: 0.47763854, y: 0.6117482, z: -0.6305756}
    - {x: 0.57735026, y: 0.57735026, z: 0.57735026}
    - {x: 0.47763854, y: 0.6117482, z: 0.6305756}
    - {x: -0.6245684, y: 0.6117482, z: -0.48546726}
    - {x: -0.7071068, y: 0.57735026, z: -0.40824825}
    - {x: -0.29815838, y: 0.6117482, z: 0.7327112}
    - {x: -0.40824825, y: 0.57735026, z: 0.7071068}
    - {x: -0.10911878, y: 0.8863834, z: -0.44990826}
    - {x: -0.10911878, y: 0.8863834, z: 0.44990826}
    - {x: 0.47763854, y: 0.6117482, z: -0.6305756}
    - {x: 0.47763854, y: 0.6117482, z: 0.6305756}
